@article{








}

---
title: 'Multiscale Solar Water Heating'
tags:
  - Python
  - system
  - component
  - simulation
  - solar thermal water heating
  - solar electric water heating
  - heat pump water heating
  - natural gas water heating
  - photovoltaic
  - flat plate solar collector
  - evacuated tubes solar collector
  - hot water demand
  - solar radiation
  - thermal storage
  - solar water heating
authors:
  - name: Milica Grahovac^[corresponding author]
    orcid: *mg
    affiliation: "1"
  - name: Hannes Gerhart^[at the time of code creation was at affiliation 1, now is at affiliation 2]
    affiliation: "1, 2"
  - name: Robert Hosbach
    affiliation: "1"
  - name: Katie Coughlin
    affiliation: "1"
  - name: Vagelis Vossos
    affiliation: "1"
  - name: Mohan Ganeshalingam
    affiliation: "1"

affiliations:
  - name: Lawrence Berkeley National Laboratory, Berkeley, CA
    index: 1
  - name: Cloudflare
    index: 2
---
