% Encoding: UTF-8

@misc{Ashrae:2013,
	title = {ASHRAE 93:2003 - {Method} {Of} {Testing} {To} {Determine} {The} {Thermal} {Performance} {Of} {Solar} {Collectors}},
    author = {ASHRAE},
	publisher = {American Society of Heating, Refrigerating \& Air Conditioning Engineer},
	year = {2013},
}

@article{Blair:2014,
	title = {System {Advisor} {Model}, {SAM} 2014.1.14: {General} {Description}},
	language = {en},
	journal = {National Renewable Energy Lab. (NREL), Golden, CO},
	author = {Blair, Nate and Dobos, Aron P and Freeman, Janine and Neises, Ty and Wagner, Michael and Ferguson, Tom and Gilman, Paul and Janzou, Steven},
	year = {2014},
	pages = {19},
}

@misc{Cec_appliance:2019,
	title = {Appliance {Certification} {Database}},
	url = {https://cacertappliances.energy.ca.gov/},
	author = {CEC},
	year = {2019},
}

@misc{Ccms:2018,
	title = {Compliance {Certification} {Management} {System}},
	url = {https://www.regulations.doe.gov/ccms},
	urldate = {2018-12-12},
	author = {{U.S. Department of Energy - Appliance \& Equipment Standards Program}},
    year = {2018},
}

@techreport{Coughlin:2020,
	title = {Costs and {Benefits} of {Community} versus {Individual} {End}-use {Infrastructure} for {Solar} {Water} {Heating}},
	institution = {Lawrence Berkeley National Laboratory},
	author = {Coughlin, Katie and Grahovac, Milica and Ganeshalingam, Mohan and Hosbach, Robert and Vossos, Vagelis},
	year = {2021},
	publisher = {California Energy Commission},
}

@techreport{Csi_thermal:2016,
	title = {California {Solar} {Initiative} - {Thermal} {Program} {Handbook}},
	language = {en},
	journal = {CPUC},
	author = {CPUC},
	year = {2016},
	pages = {179},
}

@manual{DiOrio:2014,
	title = {Technical Manual for the SAM Solar Water Heating Model},
	language = {en},
	journal = {National Renewable Energy Lab. (NREL), Golden, CO},
	author = {DiOrio, Nicholas and Christensen, Craig and Burch, Jay and Dobos, Aron},
	year = {2014},
	url = {https://sam.nrel.gov/solar-water-heating.html},
	pages = {24},
}

@book{Duffie:2013,
	title = {Solar {Engineering} of {Thermal} {Processes}},
	language = {en},
	author = {DufÔ¨Åe, John A and Beckman, William A},
	pages = {928},
    publisher = {John Wiley & Sons, Inc., Hoboken, New Jersey},
    isbn = {978-0-470-87366-3},
    year = {2013},
}

@article{Gerke:2017,
	title = {The {International} {Database} of {Efficient} {Appliances} ({IDEA}): {A} new tool to support appliance energy-efficiency deployment},
	volume = {205},
	issn = {0306-2619},
	shorttitle = {The {International} {Database} of {Efficient} {Appliances} ({IDEA})},
	url = {http://www.sciencedirect.com/science/article/pii/S0306261917309650},
	doi = {10.1016/j.apenergy.2017.07.093},
	journal = {Applied Energy},
	author = {Gerke, Brian F. and McNeil, Michael A. and Tu, Thomas},
	month = nov,
	year = {2017},
	keywords = {Energy efficiency, Appliances, Data mining, Web crawling},
	pages = {453--464},
}

@thesis{Gerhart:2019,
	title = {Implementation of a {Flexible} {Web} {Framework} for {Simulating} {Python} {System} {Models}},
	language = {en},
	author = {Gerhart, Hannes},
	pages = {82},
    year = {2019},
    publisher = {Technical University of Munich},
}

@inproceedings{Lutz:1998,
	title = {{WHAM}: {A} {Simplified} {Energy} {Consumption} {Equation} for {Water} {Heaters}},
	volume = {1},
	shorttitle = {{WHAM}: {A} {Simplified} {Energy} {Consumption} {Equation} for {Water} {Heaters}},
	url = {http://aceee.org/files/proceedings/1998/data/papers/0114.PDF},
	language = {English},
	urldate = {2015-10-19},
	booktitle = {472246},
	publisher = {ACEEE},
	author = {Lutz, James D. and Dunham Whitehead, Camilla and Lekov, Alex and Winiarski, David and Rosenquist, Gregory},
	month = mar,
	year = {1998},
	keywords = {Appliance Standards Water Heaters},
	pages = {171--183},
}

@article{Sparn:2014,
	title = {Laboratory Performance Evaluation of Residential Integrated Heat Pump Water Heaters},
	author = {Sparn, B. and Hudon, K. and Christensen, D.},
	doi = {10.2172/1025650},
	journal = {National Renewable Energy Lab. (NREL), Golden, CO},
	place = {United States},
	year = {2011},
	month = {9},
}

@misc{Srcc:2013,
	title = {{SRCC} {Standard} 100 - {Minimum} {Standards} {For} {Solar} {Thermal} {Collectors}},
    author = {SRCC},
	url = {https://solar-rating.org/programs/og-100-program/},
	urldate = {2018-10-15},
	publisher = {Solar Rating \& Certification Corporation},
	month = jan,
	year = {2013},
}

@article{Wetter:2014,
	title = {Modelica {Buildings} library},
	volume = {7},
	issn = {1940-1493, 1940-1507},
	url = {http://simulationresearch.lbl.gov/modelica/},
	doi = {10.1080/19401493.2013.765506},
	journal = {Journal of Building Performance Simulation},
	author = {Wetter, Michael and Zuo, Wangda and Nouidui, Thierry S. and Pang, Xiufeng},
	month = jul,
	year = {2014},
	pages = {253--270},
}