@techreport{Coughlin:2020,
	title = {Costs and {Benefits} of {Community} versus {Individual} {End}-use {Infrastructure} for {Solar} {Water} {Heating}},
	institution = {California Energy Commission},
	author = {Coughlin, Katie and Grahovac, Milica and Ganeshalingam, Mohan and Hosbach, Robert and Vossos, Vagelis},
	year = {2020},
	publisher = {California Energy Commission},
}

@misc{Doecode:2019,
	title = {Multiscale Solar Water Heating (MSWH) v1.0},
	author = {Grahovac, Milica and Hosbach, Robert and Coughlin, Katie and Ganeshalingam, Mohan and Gerhart, Hannes},
	url = {https://doi.org/10.11578/dc.20190524.2},
	howpublished = {[Computer Software] \url{https://doi.org/10.11578/dc.20190524.2}},
	year = {2019},
	month = {may},
}

@masterthesis{Gerhart:2019,
	title = {Implementation of a {Flexible} {Web} {Framework} for {Simulating} {Python} {System} {Models}},
	language = {en},
	author = {Gerhart, Hannes},
	pages = {82},
    year = {2019},
    institution = {Technical University of Munich},
    publisher = {Technical University of Munich},
}

@article{Grahovac:2020,
	title = {Costs and {Benefits} of {Community} {Scale} {Solar} {Water} {Heating}},
	language = {en},
	author = {Grahovac, Milica and Coughlin, Katie and Ganeshalingam, Mohan and Hosbach, Robert and Vossos, Vagelis},
	pages = {16},
    publisher = {In Proceedings of ACEEE Summer Study 2020},
    year = {2020},
	url = {https://aceee2020.conferencespot.org/event-data/pdf/catalyst_activity_10923/catalyst_activity_paper_20200812133157248_498ce455_3a9c_4278_9088_6e3fdce5745b},
	}
